@phdthesis{vanEysden2011,
      author       = {van Eysden, Cornelis Anthony},
      title        = {Superfluid spin up and pulsar glitch recovery},
      school       = {The University of Melbourne, School of Physics},
      year         = {2011},
      type         = {PhD thesis},
      url          = {https://hdl.handle.net/11343/36537}
}

@article{CarlinMelatos2020,
    author = {Carlin, J B and Melatos, A},
    title = {Long-term statistics of pulsar glitches triggered by a Brownian stress accumulation process},
    journal = {Monthly Notices of the Royal Astronomical Society},
    year = {2020},
    issn = {0035-8711},
    doi = {10.1093/mnras/staa935},
    url = {https://doi.org/10.1093/mnras/staa935},
    eprint = {https://academic.oup.com/mnras/article-pdf/494/3/3383/33138210/staa935.pdf},
}

@article{FulgenziMelatosHughes2017,
    author = {Fulgenzi, W. and Melatos, A. and Hughes, B. D.},
    title = {Radio pulsar glitches as a state-dependent Poisson process},
    journal = {Monthly Notices of the Royal Astronomical Society},
    year = {2017},
    doi = {10.1093/mnras/stx1353},
    url = {https://doi.org/10.1093/mnras/stx1353},
    eprint = {https://academic.oup.com/mnras/article-pdf/470/4/4307/19179295/stx1353.pdf},
}



